<record><leader>00000cas a22000007a 4500</leader><controlfield tag="001">30685224</controlfield><controlfield tag="008">940629c19789999ncuwr ne      0    0eng d</controlfield><datafield ind1=" " ind2=" " tag="010"><subfield code="a">sn 94058230 </subfield></datafield><datafield ind1=" " ind2=" " tag="040"><subfield code="a">NVJ</subfield><subfield code="b">eng</subfield><subfield code="c">NVJ</subfield><subfield code="d">OCLCQ</subfield></datafield><datafield ind1=" " ind2=" " tag="042"><subfield code="a">msc</subfield></datafield><datafield ind1="0" ind2="4" tag="245"><subfield code="a">The Archdale Trinity news.</subfield></datafield><datafield ind1=" " ind2=" " tag="260"><subfield code="a">Archdale, N.C. :</subfield><subfield code="b">Melinda Lamb</subfield></datafield><datafield ind1=" " ind2=" " tag="300"><subfield code="a">v.</subfield></datafield><datafield ind1=" " ind2=" " tag="310"><subfield code="a">Weekly</subfield></datafield><datafield ind1="0" ind2=" " tag="362"><subfield code="a">1st year, no. 1 (Mar. 2, 1978)-11th year, no. 42 (Oct. 20, 1988) ; Oct. 27, 1988-</subfield></datafield><datafield ind1=" " ind2=" " tag="515"><subfield code="a">Vol. &amp; no. designation ceased with Oct. 20, 1988 issue.</subfield></datafield><datafield ind1=" " ind2=" " tag="752"><subfield code="a">United States</subfield><subfield code="b">North Carolina</subfield><subfield code="c">Randolph</subfield><subfield code="d">Archdale.</subfield></datafield><datafield ind1=" " ind2=" " tag="752"><subfield code="a">United States</subfield><subfield code="b">North Carolina</subfield><subfield code="c">Randolph</subfield><subfield code="d">Trinity.</subfield></datafield></record>